%==================================================================================================
% LUKE PHD THESIS BIBTEX FILE
% ---------------------------
% Sorted chronologically
%==================================================================================================

@article{Brockmann06,
   author      = {D. Brockmann, L. Hufnagel, T. Geisel},
   title       = {The scaling laws of human travel},
   journal     = {Nature},
   volume      = {439},
   year        = {2006},
   issn        = {0028-0836},
   publisher   = {Nature Publishing Group},
   abstract    = {This paper brings to the front an insteresting study conducted to understand 
   human traveling patterns based on the circulation of bank notes in the Uniated States.}
}

@article{Brockmann08,
   author      = {D. Brockmann, F. Theis},
   title       = {Money circulation, trackable items, and the emergence of universal human mobility patterns},
   journal     = {Pervasive Computing, IEEE},
   volume      = {7},
   year        = {2008},
   issn        = {1536-1268},
   publisher   = {IEEE},
   abstract    = {This paper discusses found regularities, laws and characteristics that seem to 
   define the multiscale human mobility. The distances that are taken into consideration for this 
   study vary from a few to thosands of kilometers over the United States and Europe.}
}

@article{Barabasi08,
   author      = {M. C. Gonzalez, C. A. Hidalgo, A. L. Barabasi},
   title       = {Understanding individual human mobility patterns},
   journal     = {Nature},
   volume      = {453},
   year        = {2008},
   issn        = {0028-0836},
   publisher   = {Nature Publishing Group},
   abstract    = {This paper studies the travel patterns of mobile phone users. The study shows that
   there is a high degree of regularity both temporal and spatial when it comes to people's trajectories.}
}

@MISC{Lu13,
   author      = {X. Lu, E. Wetter, N. Bharti, A. J. Tatem, L. Bengtsson},
   title       = {Approaching the Limit of Predictability in Human Mobility},
   journal     = {Mobile Networks and Applications},
   year        = {2013},
}

@article{Barabasi10,
   author      = {Chaoming Song, Zehui Qu, 1,2,3 Nicholas Blumm, 1,2 Albert-László Barabási 1,2 *},
   title       = {Limits of Predictability in Human Mobility},
   journal     = {Science},
   volume      = {327},
   year        = {2010},
}

@article{Liu96,
   author      = {G. Liu, G. Maguire Jr},
   title       = {A class of mobile motion prediction algorithms for wireless mobile computing and communication},
   journal     = {Mobile Networks and Applications},
   volume      = {1},
   year        = {1996},
   issn        = {1572-8153},
   publisher   = {Kluwer Academic Publishers},
}

@article{Eagle09,
   author      = {N. Eagle, A. S. Pentland},
   title       = {Eigenbehaviors: identifying structure in routine},
   journal     = {Behavioral Ecology and Sociobiology},
   volume      = {63},
   issue	   = {7},
   year        = {2009},
   issn        = {1432-0762},
   publisher   = {Kluwer Academic Publishers},
}

@article{Stopczynski14m,
   author      = {Arkadiusz Stopczynski, Vedran Sekara, Piotr Sapiezynski, Andrea Cuttone, Mette My Madsen, Jakob Eg Larsen, Sune Lehmann},
   title       = {Measuring Large-Scale Social Networks with High Resolution},
   journal     = {CoRR},
   volume      = {abs/1401.7233},
   year        = {2014},
}

@article{Stopczynski14p,
  author    = {Arkadiusz Stopczynski,
               Riccardo Pietri,
               Alex Pentland,
               David Lazer,
               Sune Lehmann},
  title     = {Privacy in Sensor-Driven Human Data Collection: A Guide
               for Practitioners},
  journal   = {CoRR},
  volume    = {abs/1403.5299},
  year      = {2014},
}

@article{Liou03,
   author      = {S. C. Liou, H. C. Lu},
   title       = {Applied neural network for location prediction and resources reservation scheme in wireless networks},
   journal     = {International Conference on Communication Technology Proceedings},
   volume      = {2},
   year        = {2003},
   publisher   = {IEEE},
}

@inproceedings{Akoush07,
  title={Mobile user movement prediction using bayesian learning for neural networks},
  author={Akoush, Sherif and Sameh, Ahmed},
  booktitle={Proceedings of the 2007 international conference on Wireless communications and mobile computing},
  pages={191--196},
  year={2007},
  organization={ACM}
}

@MISC{Petzold04,
    author = {J. Petzold, F. Bagci, W. Trumler, T. Ungerer, L. Vintan},
    title = {Global State Context Prediction Techniques Applied to a Smart Office Building},
    year = {2004}
}

@MISC{Sinatra14,
    author = {R. Sinatra, M. Szell},
    title = {Entropy and the Predictability of Online Life},
    year = {2014}
}

@MISC{Ball03,
    author = {P. Ball},
    title = {The physical modelling of human social systems},
    year = {2003}
}

@book{Ross09,
   author      = {S. M. Ross},
   title       = {Introduction to probability models},
   publisher   = {Academic Press},
   year        = {2009},
}
@MISC{Azevedo09,
    author = {T. S. Azevedo, R. L. Bezerra, C. A. V. Campos, L. F. M. de Moraes},
    title = {An Analysis of Human Mobility using Real Traces},
    publisher   = {IEEE},
    year = {2009}
}

@article{Kim06,
   author      = {M. Kim, D. Kotz, S. Kim},
   title       = {Extracting a Mobility Model from Real User Traces},
   journal     = {The IEEE INFOCOM Proceedings},
   year        = {2006},
   publisher   = {IEEE},
}

@MISC{KalmanFilter,
   author      = {R. E. Kalman},
   title       = {A New Approach to Linear Filtering and Prediction Problems},
   year        = {1960},
}

@inproceedings{
cuttone2014inferring,
  title={Inferring Human Mobility from Sparse Low Accuracy Mobile Sensing Data},
  author={Cuttone, Andrea and Lehmann, Sune and Larsen, Jakob Eg},
  booktitle={3rd ACM Workshop on Mobile Systems for Computational Social Science(MCSS 2014)},
  year={2014},
  organization={ACM}
}

@inproceedings{MahantiCWA10,
  author = {Mahanti, Aniket and Carlsson, Niklas and Williamson, Carey L. and Arlitt, Martin F.},
  booktitle = {Networking},
  pages = {160-173},
  publisher = {Springer},
  series = {Lecture Notes in Computer Science},
  title = {Ambient Interference Effects in Wi-Fi Networks.},
  volume = 6091,
  year = 2010
}

@inproceedings{fu2008wireless,
  title={Wireless background noise in the Wi-Fi spectrum},
  author={Fu, Bo and Bernath, G{\'a}bor and Steichen, Ben and Weber, Stefan},
  booktitle={Wireless Communications, Networking and Mobile Computing, 2008. WiCOM'08. 4th International Conference on},
  pages={1--7},
  year={2008},
  organization={IEEE}
}

@article{mok2007location,
  title={Location determination using WiFi fingerprinting versus WiFi trilateration},
  author={Mok, E and Retscher, G{\"u}nther},
  journal={Journal of Location Based Services},
  volume={1},
  number={2},
  pages={145--159},
  year={2007},
  publisher={Taylor \& Francis}
}

@incollection{koo2011autonomous,
  title={Autonomous construction of a WiFi access point map using multidimensional scaling},
  author={Koo, Jahyoung and Cha, Hojung},
  booktitle={Pervasive Computing},
  pages={115--132},
  year={2011},
  publisher={Springer}
}

@incollection{zhang2012polaris,
  title={Polaris: A Fingerprint-Based Localization System over Wireless Networks},
  author={Zhang, Nan and Feng, Jianhua},
  booktitle={Web-Age Information Management},
  pages={58--70},
  year={2012},
  publisher={Springer}
}

@incollection{athanasiou2009utilizing,
  title={Utilizing wireless positioning as a tracking data source},
  author={Athanasiou, Spiros and Georgantas, Panos and Gerakakis, George and Pfoser, Dieter},
  booktitle={Advances in Spatial and Temporal Databases},
  pages={171--188},
  year={2009},
  publisher={Springer}
}

@article{AsgariGB13,
  author    = {Fereshteh Asgari and
               Vincent Gauthier and
               Monique Becker},
  title     = {A survey on Human Mobility and its applications},
  journal   = {CoRR},
  volume    = {abs/1307.0814},
  year      = {2013},
}

@article{John99,
  title={The Big Five trait taxonomy: History, measurement, and theoretical perspectives},
  author={John, Oliver P and Srivastava, Sanjay},
  journal={Handbook of personality: Theory and research},
  volume={2},
  number={1999},
  pages={102--138},
  year={1999},
  publisher={Guilford}
}

@article{yang2010using,
  title={Using social network theory for modeling human mobility},
  author={Yang, Shunsen and Yang, Xinyu and Zhang, Chao and Spyrou, Evangelos},
  journal={Network, IEEE},
  volume={24},
  number={5},
  pages={6--13},
  year={2010},
  publisher={IEEE}
}

@INPROCEEDINGS{5657695, 
author={Zignani, M. and Gaito, S.}, 
booktitle={Wireless Days (WD), 2010 IFIP}, 
title={Extracting human mobility patterns from GPS-based traces}, 
year={2010}, 
month={Oct}, 
pages={1-5}, 
keywords={Global Positioning System;pattern clustering;statistical analysis;GPS based traces;clustering method;geo-community;geo-locations;human mobility pattern extractiom;human movements;human walks;spatial description;statistical analysis;Clustering algorithms;Communities;Data mining;Global Positioning System;Humans;Maximum likelihood estimation;Shape}, 
doi={10.1109/WD.2010.5657695}, 
ISSN={2156-9711},}

@article{Musolesi:2007:DMM:1317425.1317433,
 author = {Musolesi, Mirco and Mascolo, Cecilia},
 title = {Designing Mobility Models Based on Social Network Theory},
 journal = {SIGMOBILE Mob. Comput. Commun. Rev.},
 issue_date = {July 2007},
 volume = {11},
 number = {3},
 year = {2007},
 issn = {1559-1662},
 pages = {59--70},
 doi = {10.1145/1317425.1317433},
 publisher = {ACM},
}
 
@book{Flickenger:2003:BWC:940809,
 author = {Flickenger, Rob},
 title = {Building Wireless Community Community Networks},
 year = {2003},
 isbn = {0596005024},
 edition = {2},
 publisher = {O'Reilly \& Associates, Inc.},
 address = {Sebastopol, CA, USA},
} 

@inproceedings{Cheng:2005:ACM:1067170.1067195,
 author = {Cheng, Yu-Chung and Chawathe, Yatin and LaMarca, Anthony and Krumm, John},
 title = {Accuracy Characterization for Metropolitan-scale Wi-Fi Localization},
 booktitle = {Proceedings of the 3rd International Conference on Mobile Systems, Applications, and Services},
 series = {MobiSys '05},
 year = {2005},
 pages = {233--245},
 doi = {10.1145/1067170.1067195},
 publisher = {ACM},
} 

@inproceedings{Youssef:2005:HWL:1067170.1067193,
 author = {Youssef, Moustafa and Agrawala, Ashok},
 title = {The Horus WLAN Location Determination System},
 booktitle = {Proceedings of the 3rd International Conference on Mobile Systems, Applications, and Services},
 series = {MobiSys '05},
 year = {2005},
 pages = {205--218},
 doi = {10.1145/1067170.1067193},
 acmid = {1067193},
 publisher = {ACM},
} 

@inproceedings{bahl2000radar,
  title={RADAR: An in-building RF-based user location and tracking system},
  author={Bahl, Paramvir and Padmanabhan, Venkata N},
  booktitle={INFOCOM 2000. Nineteenth Annual Joint Conference of the IEEE Computer and Communications Societies. Proceedings. IEEE},
  volume={2},
  pages={775--784},
  year={2000},
  organization={IEEE}
}

@inproceedings{Chen:2006:PMP:2166283.2166297,
 author = {Chen, Mike Y. and Sohn, Timothy and Chmelev, Dmitri and Haehnel, Dirk and Hightower, Jeffrey and Hughes, Jeff and LaMarca, Anthony and Potter, Fred and Smith, Ian and Varshavsky, Alex},
 title = {Practical Metropolitan-scale Positioning for GSM Phones},
 booktitle = {Proceedings of the 8th International Conference on Ubiquitous Computing},
 series = {UbiComp'06},
 year = {2006},
 pages = {225--242},
 doi = {10.1007/11853565_14},
 publisher = {Springer-Verlag},
} 

@webpage{Pardus,
   title         = {Pardus game},
   url           = {www.pardus.at},
   lastchecked   = {14-07-2014}
}

@webpage{Gephi,
   title         = {Gephi - The Open Graph Viz Platform},
   url           = {http://gephi.github.io/},
   lastchecked   = {14-07-2014}
}

@webpage{PSL,
   title         = {The Python Standard Library},
   url           = {https://docs.python.org/3.3/library/},
   lastchecked   = {14-07-2014}
}
@webpage{WLP,
   title         = {IEEE 802.11 - Wireless LANs},
   url           = {http://standards.ieee.org/about/get/802/802.11.html},
   lastchecked   = {15-07-2014}
}